02RETORNO01COBRANCA       09636000330000847103PREFEITURA MUNICIPAL DE PETROL001BANCO DO BRASIL1310040001446                      000001047103566540                                                                                                                                                                                                                                                       000001
100000000000000000963600033000084710321      0000000001200387800000000000010000001   019000000 0000000000 1806131004          00000000000010000001000000000000001200000100698001410040000098000000000000000000000000000000000000000000000000000000000000000000000000012000000000000000000000000000000000000000000000000001190220000000000000          0000000000000000000000000000000000000000000000000000000002
100000000000000000963600033000084710321      0000040000962350900000000000010000001   019000000 0000000000 1806131004          00000000000010000001000000000000006800000109636001410040000098000000000000000000000000000000000000000000000000000000000000000000000000068000000000000000000000000000000000000000000000000006790220000000000000          0000000000000000000000000000000000000000000000000000000003
100000000000000000963600033000084710321      0000000001200419200000000000010000001   019000000 0000000000 1806131004          00000000000010000001000000000000000754800109636001410040000098000000000000000000000000000000000000000000000000000000000000000000000000007548000000000000000000000000000000000000000000000000745020000000000000          0000000000000000000000000000000000000000000000000000000004
100000000000000000963600033000084710321      0000000001200431800000000000010000001   019000000 0000000000 1806131004          00000000000010000001000000000000000058800109636001410040000098000000000000000000000000000000000000000000000000000000000000000000000000000588000000000000000000000000000000000000000000000000049020000000000000          0000000000000000000000000000000000000000000000000000000005
100000000000000000963600033000084710321      0000040000962360900000000000010000001   019000000 0000000000 1806131004          00000000000010000001000000000000009800000109636001410040000098000000000000000000000000000000000000000000000000000000000000000000000000098000000000000000000000000000000000000000000000000009790220000000000000          0000000000000000000000000000000000000000000000000000000006
100000000000000000963600033000084710321      0000000001400967700000000000010000001   019000000 0000000000 1806131004          00000000000010000001000000000000000604700109636001410040000098000000000000000000000000000000000000000000000000000000000000000000000000006047000000000000000000000000000000000000000000000000594920000000000000          0000000000000000000000000000000000000000000000000000000007
100000000000000000963600033000084710321      0000000009900422500000000000010000001   019000000 0000000000 1806131004          00000000000010000001000000000000000212900109636001410040000098000000000000000000000000000000000000000000000000000000000000000000000000002129000000000000000000000000000000000000000000000000203120000000000000          0000000000000000000000000000000000000000000000000000000008
100000000000000000963600033000084710321      0000000006400289500000000000010000001   019000000 0000000000 1806131004          00000000000010000001000000000000000392200109636001410040000098000000000000000000000000000000000000000000000000000000000000000000000000003922000000000000000000000000000000000000000000000000382420000000000000          0000000000000000000000000000000000000000000000000000000009
100000000000000000963600033000084710321      0000000001200433000000000000010000001   019000000 0000000000 1806131004          00000000000010000001000000000000002061300109636001410040000098000000000000000000000000000000000000000000000000000000000000000000000000020613000000000000000000000000000000000000000000000002051520000000000000          0000000000000000000000000000000000000000000000000000000010
100000000000000000963600033000084710321      0000000001200433100000000000010000001   019000000 0000000000 1806131004          00000000000010000001000000000000000169800109636001410040000098000000000000000000000000000000000000000000000000000000000000000000000000001698000000000000000000000000000000000000000000000000160020000000000000          0000000000000000000000000000000000000000000000000000000011
100000000000000000963600033000084710321      0000000002200154500000000000010000001   019000000 0000000000 1806131004          00000000000010000001000000000000000080100109636001410040000098000000000000000000000000000000000000000000000000000000000000000000000000000801000000000000000000000000000000000000000000000000070320000000000000          0000000000000000000000000000000000000000000000000000000012
100000000000000000963600033000084710321      0000000001200436700000000000010000001   019000000 0000000000 1806131004          00000000000010000001000000000000001678800109636001410040000098000000000000000000000000000000000000000000000000000000000000000000000000016788000000000000000000000000000000000000000000000001669020000000000000          0000000000000000000000000000000000000000000000000000000013
100000000000000000963600033000084710321      0000000001200435900000000000010000001   019000000 0000000000 1806131004          00000000000010000001000000000000000364800109636001410040000098000000000000000000000000000000000000000000000000000000000000000000000000003648000000000000000000000000000000000000000000000000355020000000000000          0000000000000000000000000000000000000000000000000000000014
100000000000000000963600033000084710321      0000040000271190400000000000010000001   019000000 0000000000 1806131004          00000000000010000001000000000000000500400109636001410040000098000000000000000000000000000000000000000000000000000000000000000000000000005004000000000000000000000000000000000000000000000000490620000000000000          0000000000000000000000000000000000000000000000000000000015
100000000000000000963600033000084710321      0000040000864540900000000000010000001   019000000 0000000000 1806131004          0000000000001000000100000000000000336800012659X001410040000098000000000000000000000000000000000000000000000000000000000000000000000000033680000000000000000000000000000000000000000000000003358220000000000000          0000000000000000000000000000000000000000000000000000000016
100000000000000000963600033000084710321      0000000001400271400000000000010000001   019000000 0000000000 1806131004          00000000000010000001000000000000004513800109636001410040000098000000000000000000000000000000000000000000000000000000000000000000000000045138000000000000000000000000000000000000000000000004504020000000000000          0000000000000000000000000000000000000000000000000000000017
100000000000000000963600033000084710321      0000000001500030700000000000010000001   019000000 0000000000 1806131004          00000000000010000001000000000000001879800109636001410040000098000000000000000000000000000000000000000000000000000000000000000000000000018798000000000000000000000000000000000000000000000001870020000000000000          0000000000000000000000000000000000000000000000000000000018
100000000000000000963600033000084710321      0000000001200432700000000000010000001   019000000 0000000000 1806131004          00000000000010000001000000000000000073800109636001410040000098000000000000000000000000000000000000000000000000000000000000000000000000000738000000000000000000000000000000000000000000000000064020000000000000          0000000000000000000000000000000000000000000000000000000019
100000000000000000963600033000084710321      0000000001200432900000000000010000001   019000000 0000000000 1806131004          00000000000010000001000000000000000231800109636001410040000098000000000000000000000000000000000000000000000000000000000000000000000000002318000000000000000000000000000000000000000000000000222020000000000000          0000000000000000000000000000000000000000000000000000000020
100000000000000000963600033000084710321      0000000001300021900000000000010000001   019000000 0000000000 1806131004          00000000000010000001000000000000001031900109636001410040000098000000000000000000000000000000000000000000000000000000000000000000000000010319000000000000000000000000000000000000000000000001022120000000000000          0000000000000000000000000000000000000000000000000000000021
100000000000000000963600033000084710321      0000000001200418600000000000010000001   019000000 0000000000 1806131004          00000000000010000001000000000000002087100109636001410040000098000000000000000000000000000000000000000000000000000000000000000000000000020871000000000000000000000000000000000000000000000002077320000000000000          0000000000000000000000000000000000000000000000000000000022
100000000000000000963600033000084710321      0000040000962330900000000000010000001   019000000 0000000000 1806131004          00000000000010000001000000000000003100000109636001410040000098000000000000000000000000000000000000000000000000000000000000000000000000031000000000000000000000000000000000000000000000000003090220000000000000          0000000000000000000000000000000000000000000000000000000023
100000000000000000963600033000084710321      0000040000962280900000000000010000001   019000000 0000000000 1806131004          00000000000010000001000000000000005600000109636001410040000098000000000000000000000000000000000000000000000000000000000000000000000000056000000000000000000000000000000000000000000000000005590220000000000000          0000000000000000000000000000000000000000000000000000000024
100000000000000000963600033000084710321      0000000002200154700000000000010000001   019000000 0000000000 1806131004          00000000000010000001000000000000000080100109636001410040000098000000000000000000000000000000000000000000000000000000000000000000000000000801000000000000000000000000000000000000000000000000070320000000000000          0000000000000000000000000000000000000000000000000000000025
100000000000000000963600033000084710321      0000000001300022300000000000010000001   019000000 0000000000 1806131004          00000000000010000001000000000000000857100109636001410040000098000000000000000000000000000000000000000000000000000000000000000000000000008571000000000000000000000000000000000000000000000000847320000000000000          0000000000000000000000000000000000000000000000000000000026
100000000000000000963600033000084710321      0000000009900424900000000000010000001   019000000 0000000000 1806131004          00000000000010000001000000000000001494700109636001410040000098000000000000000000000000000000000000000000000000000000000000036680000000011279000000000000000000000000000000000000000000000001118120000000000000          0000000000000000000000000000000000000000000000000000000027
100000000000000000963600033000084710321      0000040000102700900000000000010000001   019000000 0000000000 1806131004          00000000000010000001000000000000000431600109636001410040000098000000000000000000000000000000000000000000000000000000000000000000000000004327000000000001100000000000000000000000000000000000422920000000000000          0000000000000000000000000000000000000000000000000000000028
100000000000000000963600033000084710321      0000000001200432200000000000010000001   019000000 0000000000 1806131004          00000000000010000001000000000000001463800109636001410040000098000000000000000000000000000000000000000000000000000000000000000000000000014638000000000000000000000000000000000000000000000001454020000000000000          0000000000000000000000000000000000000000000000000000000029
100000000000000000963600033000084710321      0000000001200434400000000000010000001   019000000 0000000000 1806131004          00000000000010000001000000000000000333800109636001410040000098000000000000000000000000000000000000000000000000000000000000000000000000003338000000000000000000000000000000000000000000000000324020000000000000          0000000000000000000000000000000000000000000000000000000030
100000000000000000963600033000084710321      0000000001200404200000000000010000001   019000000 0000000000 1806131004          00000000000010000001000000000000000973800109636001410040000098000000000000000000000000000000000000000000000000000000000000000000000000009738000000000000000000000000000000000000000000000000964020000000000000          0000000000000000000000000000000000000000000000000000000031
100000000000000000963600033000084710321      0000040001152250000000000000010000001   019000000 0000000000 1806131004          00000000000010000001000000000000001293000109636001410040000098000000000000000000000000000000000000000000000000000000000000000000000000012930000000000000000000000000000000000000000000000001283220000000000000          0000000000000000000000000000000000000000000000000000000032
100000000000000000963600033000084710321      0000000001200348400000000000010000001   019000000 0000000000 1806131004          00000000000010000001000000000000000253800109636001410040000098000000000000000000000000000000000000000000000000000000000000000000000000002538000000000000000000000000000000000000000000000000244020000000000000          0000000000000000000000000000000000000000000000000000000033
100000000000000000963600033000084710321      0000040001151420000000000000010000001   019000000 0000000000 1806131004          00000000000010000001000000000000000343000109636001410040000098000000000000000000000000000000000000000000000000000000000000000000000000003430000000000000000000000000000000000000000000000000333220000000000000          0000000000000000000000000000000000000000000000000000000034
100000000000000000963600033000084710321      0000040001151430000000000000010000001   019000000 0000000000 1806131004          00000000000010000001000000000000000102900109636001410040000098000000000000000000000000000000000000000000000000000000000000000000000000001029000000000000000000000000000000000000000000000000093120000000000000          0000000000000000000000000000000000000000000000000000000035
100000000000000000963600033000084710321      0000040001151440000000000000010000001   019000000 0000000000 1806131004          00000000000010000001000000000000000656200109636001410040000098000000000000000000000000000000000000000000000000000000000000000000000000006562000000000000000000000000000000000000000000000000646420000000000000          0000000000000000000000000000000000000000000000000000000036
100000000000000000963600033000084710321      0000040001151450000000000000010000001   019000000 0000000000 1806131004          00000000000010000001000000000000000656200109636001410040000098000000000000000000000000000000000000000000000000000000000000000000000000006562000000000000000000000000000000000000000000000000646420000000000000          0000000000000000000000000000000000000000000000000000000037
100000000000000000963600033000084710321      0000040001151460000000000000010000001   019000000 0000000000 1806131004          00000000000010000001000000000000000656200109636001410040000098000000000000000000000000000000000000000000000000000000000000000000000000006562000000000000000000000000000000000000000000000000646420000000000000          0000000000000000000000000000000000000000000000000000000038
100000000000000000963600033000084710321      0000040001152170000000000000010000001   019000000 0000000000 1806131004          00000000000010000001000000000000000626500109636001410040000098000000000000000000000000000000000000000000000000000000000000000000000000006265000000000000000000000000000000000000000000000000616720000000000000          0000000000000000000000000000000000000000000000000000000039
100000000000000000963600033000084710321      0000040001152160000000000000010000001   019000000 0000000000 1806131004          00000000000010000001000000000000000626500109636001410040000098000000000000000000000000000000000000000000000000000000000000000000000000006265000000000000000000000000000000000000000000000000616720000000000000          0000000000000000000000000000000000000000000000000000000040
100000000000000000963600033000084710321      0000040000967520900000000000010000001   019000000 0000000000 1806131004          00000000000010000001000000000000000732500109636001410040000098000000000000000000000000000000000000000000000000000000000000000000000000007325000000000000000000000000000000000000000000000000722720000000000000          0000000000000000000000000000000000000000000000000000000041
100000000000000000963600033000084710321      0000000001400280500000000000010000001   019000000 0000000000 1806131004          00000000000010000001000000000000000733834114780001410040000098000000000000000000000000000000000000000000000000000000000000000000000000007338000000000000000000000000000000000000000000000000724020000000000000          0000000000000000000000000000000000000000000000000000000042
100000000000000000963600033000084710321      0000000001200437000000000000010000001   019000000 0000000000 1806131004          00000000000010000001000000000000000046234114780001410040000098000000000000000000000000000000000000000000000000000000000000000000000000000462000000000000000000000000000000000000000000000000036420000000000000          0000000000000000000000000000000000000000000000000000000043
100000000000000000963600033000084710321      0000000001200436500000000000010000001   019000000 0000000000 1806131004          00000000000010000001000000000000000121834114780001410040000098000000000000000000000000000000000000000000000000000000000000000000000000001218000000000000000000000000000000000000000000000000112020000000000000          0000000000000000000000000000000000000000000000000000000044
100000000000000000963600033000084710321      0000000001200436800000000000010000001   019000000 0000000000 1806131004          00000000000010000001000000000000000121834114780001410040000098000000000000000000000000000000000000000000000000000000000000000000000000001218000000000000000000000000000000000000000000000000112020000000000000          0000000000000000000000000000000000000000000000000000000045
100000000000000000963600033000084710321      0000000001200437100000000000010000001   019000000 0000000000 1806131004          00000000000010000001000000000000000121834114780001410040000098000000000000000000000000000000000000000000000000000000000000000000000000001218000000000000000000000000000000000000000000000000112020000000000000          0000000000000000000000000000000000000000000000000000000046
100000000000000000963600033000084710321      0000000001200436300000000000010000001   019000000 0000000000 1806131004          00000000000010000001000000000000000193834114780001410040000098000000000000000000000000000000000000000000000000000000000000000000000000001938000000000000000000000000000000000000000000000000184020000000000000          0000000000000000000000000000000000000000000000000000000047
100000000000000000963600033000084710321      0000000001200424500000000000010000001   019000000 0000000000 1806131004          00000000000010000001000000000000002087834114780001410040000098000000000000000000000000000000000000000000000000000000000000000000000000020878000000000000000000000000000000000000000000000002078020000000000000          0000000000000000000000000000000000000000000000000000000048
100000000000000000963600033000084710321      0000000001200436400000000000010000001   019000000 0000000000 1806131004          00000000000010000001000000000000000205834114780001410040000098000000000000000000000000000000000000000000000000000000000000000000000000002058000000000000000000000000000000000000000000000000196020000000000000          0000000000000000000000000000000000000000000000000000000049
100000000000000000963600033000084710321      0000000002200153800000000000010000001   019000000 0000000000 1806131004          00000000000010000001000000000000000080134114780001410040000098000000000000000000000000000000000000000000000000000000000000000000000000000801000000000000000000000000000000000000000000000000070320000000000000          0000000000000000000000000000000000000000000000000000000050
100000000000000000963600033000084710321      0000000002200155100000000000010000001   019000000 0000000000 1806131004          00000000000010000001000000000000000544234121360001410040000098000000000000000000000000000000000000000000000000000000000000000000000000005442000000000000000000000000000000000000000000000000534420000000000000          0000000000000000000000000000000000000000000000000000000051
100000000000000000963600033000084710321      0000000001402594500000000000010000001   019000000 0000000000 1806131004          00000000000010000001000000000000000236134114780001410040000098000000000000000000000000000000000000000000000000000000000000000000000000002361000000000000000000000000000000000000000000000000226320000000000000          0000000000000000000000000000000000000000000000000000000052
100000000000000000963600033000084710321      0000000001200437200000000000010000001   019000000 0000000000 1806131004          00000000000010000001000000000000000114634114780001410040000098000000000000000000000000000000000000000000000000000000000000000000000000001146000000000000000000000000000000000000000000000000104820000000000000          0000000000000000000000000000000000000000000000000000000053
100000000000000000963600033000084710321      0000000001200436900000000000010000001   019000000 0000000000 1806131004          00000000000010000001000000000000000121834114780001410040000098000000000000000000000000000000000000000000000000000000000000000000000000001218000000000000000000000000000000000000000000000000112020000000000000          0000000000000000000000000000000000000000000000000000000054
100000000000000000963600033000084710321      0000000001200436600000000000010000001   019000000 0000000000 1806131004          00000000000010000001000000000000000121834114780001410040000098000000000000000000000000000000000000000000000000000000000000000000000000001218000000000000000000000000000000000000000000000000112020000000000000          0000000000000000000000000000000000000000000000000000000055
100000000000000000963600033000084710321      0000000001400281400000000000010000001   019000000 0000000000 1806131004          00000000000010000001000000000000001213834121360001410040000098000000000000000000000000000000000000000000000000000000000000000000000000012138000000000000000000000000000000000000000000000001204020000000000000          0000000000000000000000000000000000000000000000000000000056
100000000000000000963600033000084710321      0000000001200431900000000000010000001   019000000 0000000000 1806131004          00000000000010000001000000000000005596502410080001410040000098000000000000000000000000000000000000000000000000000000000000000000000000055965000000000000000000000000000000000000000000000005586720000000000000          0000000000000000000000000000000000000000000000000000000057
100000000000000000963600033000084710321      0000040000063801000000000000010000001   019000000 0000000000 1806131004          00000000000010000001000000000000000389702410080001410040000098000000000000000000000000000000000000000000000000000000000000000000000000003897000000000000000000000000000000000000000000000000379920000000000000          0000000000000000000000000000000000000000000000000000000058
100000000000000000963600033000084710321      0000040001075481100000000000010000001   019000000 0000000000 1806131004          00000000000010000001000000000000000487606500010001410040000098000000000000000000000000000000000000000000000000000000000000000000000000004876000000000000000000000000000000000000000000000000477820000000000000          0000000000000000000000000000000000000000000000000000000059
100000000000000000963600033000084710321      0000040001075481200000000000010000001   019000000 0000000000 1806131004          00000000000010000001000000000000000487606500010001410040000098000000000000000000000000000000000000000000000000000000000000000000000000004876000000000000000000000000000000000000000000000000477820000000000000          0000000000000000000000000000000000000000000000000000000060
100000000000000000963600033000084710321      0000000001200432300000000000010000001   019000000 0000000000 1806131004          00000000000010000001000000000000000113806500010001410040000098000000000000000000000000000000000000000000000000000000000000000000000000001138000000000000000000000000000000000000000000000000104020000000000000          0000000000000000000000000000000000000000000000000000000061
100000000000000000963600033000084710321      0000000001200436000000000000010000001   019000000 0000000000 1806131004          00000000000010000001000000000000000045306500010001410040000098000000000000000000000000000000000000000000000000000000000000000000000000000453000000000000000000000000000000000000000000000000035520000000000000          0000000000000000000000000000000000000000000000000000000062
100000000000000000963600033000084710321      0000000001200432400000000000010000001   019000000 0000000000 1806131004          00000000000010000001000000000000000088806500010001410040000098000000000000000000000000000000000000000000000000000000000000000000000000000888000000000000000000000000000000000000000000000000079020000000000000          0000000000000000000000000000000000000000000000000000000063
100000000000000000963600033000084710321      0000040000279740900000000000010000001   019000000 0000000000 1806131004          00000000000010000001000000000000000130006500010001410040000098000000000000000000000000000000000000000000000000000000000000000000000000001300000000000000000000000000000000000000000000000000120220000000000000          0000000000000000000000000000000000000000000000000000000064
100000000000000000963600033000084710321      0000000002200153500000000000010000001   019000000 0000000000 1806131004          00000000000010000001000000000000000080106500010001410040000098000000000000000000000000000000000000000000000000000000000000000000000000000801000000000000000000000000000000000000000000000000070320000000000000          0000000000000000000000000000000000000000000000000000000065
100000000000000000963600033000084710321      0000040000615470900000000000010000001   019000000 0000000000 1806131004          00000000000010000001000000000000000065023731010001410040000098000000000000000000000000000000000000000000000000000000000000000000000000000650000000000000000000000000000000000000000000000000055220000000000000          0000000000000000000000000000000000000000000000000000000066
100000000000000000963600033000084710321      0000000001200434300000000000010000001   019000000 0000000000 1806131004          00000000000010000001000000000000000126306500010001410040000098000000000000000000000000000000000000000000000000000000000000000000000000001263000000000000000000000000000000000000000000000000116520000000000000          0000000000000000000000000000000000000000000000000000000067
100000000000000000963600033000084710321      0000000001200434100000000000010000001   019000000 0000000000 1806131004          00000000000010000001000000000000000123506500010001410040000098000000000000000000000000000000000000000000000000000000000000000000000000001235000000000000000000000000000000000000000000000000113720000000000000          0000000000000000000000000000000000000000000000000000000068
100000000000000000963600033000084710321      0000000001200434200000000000010000001   019000000 0000000000 1806131004          00000000000010000001000000000000000649006500010001410040000098000000000000000000000000000000000000000000000000000000000000000000000000006490000000000000000000000000000000000000000000000000639220000000000000          0000000000000000000000000000000000000000000000000000000069
100000000000000000963600033000084710321      0000000002000017600000000000010000001   019000000 0000000000 1806131004          00000000000010000001000000000000000760806500010001410040000098000000000000000000000000000000000000000000000000000000000000000000000000007608000000000000000000000000000000000000000000000000751020000000000000          0000000000000000000000000000000000000000000000000000000070
100000000000000000963600033000084710321      0000000001400280700000000000010000001   019000000 0000000000 1806131004          00000000000010000001000000000000001513810408120001410040000098000000000000000000000000000000000000000000000000000000000000000000000000015138000000000000000000000000000000000000000000000001504020000000000000          0000000000000000000000000000000000000000000000000000000071
100000000000000000963600033000084710321      0000000006400288400000000000010000001   019000000 0000000000 1806131004          00000000000010000001000000000000000571010408120001410040000098000000000000000000000000000000000000000000000000000000000000000000000000005710000000000000000000000000000000000000000000000000561220000000000000          0000000000000000000000000000000000000000000000000000000072
100000000000000000963600033000084710321      0000040000982630900000000000010000001   019000000 0000000000 1806131004          00000000000010000001000000000000002390010408120001410040000098000000000000000000000000000000000000000000000000000000000000000000000000023900000000000000000000000000000000000000000000000002380220000000000000          0000000000000000000000000000000000000000000000000000000073
100000000000000000963600033000084710321      0000040000954910900000000000010000001   019000000 0000000000 1806131004          00000000000010000001000000000000000293123731010001410040000098000000000000000000000000000000000000000000000000000000000000000000000000002931000000000000000000000000000000000000000000000000283320000000000000          0000000000000000000000000000000000000000000000000000000074
100000000000000000963600033000084710321      0000040000009250900000000000010000001   019000000 0000000000 1806131004          00000000000010000001000000000000001073723731010001410040000098000000000000000000000000000000000000000000000000000000000000000000000000010737000000000000000000000000000000000000000000000001063920000000000000          0000000000000000000000000000000000000000000000000000000075
100000000000000000963600033000084710321      0000000002200154400000000000010000001   019000000 0000000000 1806131004          00000000000010000001000000000000000080123731010001410040000098000000000000000000000000000000000000000000000000000000000000000000000000000801000000000000000000000000000000000000000000000000070320000000000000          0000000000000000000000000000000000000000000000000000000076
100000000000000000963600033000084710321      0000000001400278400000000000010000001   019000000 0000000000 1806131004          00000000000010000001000000000000001213874500010001410040000098000000000000000000000000000000000000000000000000000000000000000000000000012138000000000000000000000000000000000000000000000001204020000000000000          0000000000000000000000000000000000000000000000000000000077
100000000000000000963600033000084710321      0000000006400178900000000000010000001   019000000 0000000000 1806131004          00000000000010000001000000000000001529575620070001410040000098000000000000000000000000000000000000000000000000000000000000000000000000015295000000000000000000000000000000000000000000000001519720000000000000          0000000000000000000000000000000000000000000000000000000078
100000000000000000963600033000084710321      0000000002200150200000000000010000001   019000000 0000000000 1806131004          00000000000010000001000000000000000080175620070001410040000098000000000000000000000000000000000000000000000000000000000000000000000000000801000000000000000000000000000000000000000000000000070320000000000000          0000000000000000000000000000000000000000000000000000000079
100000000000000000963600033000084710321      0000040000933250900000000000010000001   019000000 0000000000 1806131004          00000000000010000001000000000000000120075620070001410040000098000000000000000000000000000000000000000000000000000000000000000000000000001200000000000000000000000000000000000000000000000000110220000000000000          0000000000000000000000000000000000000000000000000000000080
9201001          000000000000000000000000000000          000000000000000000000000000000          000000000000000000000000000000          000000000000000000000000000000                                                  000000000000000000000000000000                                                                                                                                                   000081
