A2762283              PREFEITURA MUNIC. BA001BANCO DO BRASIL  S/A2003090200015803                                                                     
G089580000075035     2003090120030903816300000046516042120030720030830001120629480000000465160000250000000010554    10554100390053          1         
G089580000075035     2003090120030903816500000006798042120030720030901001130031110000000067980000250000000020895    10895106220098          2         
G089580000075035     2003090120030903816900000002825042120030720030901001130031120000000028250000250000000030895    10895106220099          2         
G089580000075035     2003090120030903816900000002241042120030720030901001130031100000000022410000250000000040895    10895106220100          2         
G089580000075035     2003090120030903816200000120000042103092020030930001140041470000001200000000250000000050895    10895130610273          1         
G089580000075035     2003090120030903816100000013944042120033520030830043570015380000000139440000250000000060895    10895106200153          1         
G089580000075035     2003090120030903816700000005000042103092020030930001140041700000000050000000250000000070895    10895106260242          1         
G089580000075035     2003090120030903816500000010000042103092020030930001140041710000000100000000250000000080895    10895106260229          1         
G089580000075035     2003090120030903816300000005592042120030720030910000000000040000000055920000250000000090895    10895130610284          1         
G089580000075035     2003090120030903816300000013000042103082020030831001190021700000000130000000250000000100895    10895106260483          1         
G089580000075035     2003090120030903816100000013000042103092020030930001190024150000000130000000250000000110895    10895106260241          1         
G089580000075035     2003090120030903816900000013000042103092020030930001190024160000000130000000250000000120895    10895106260228          1         
G089580000075035     2003090120030903816400000010000042103082020030831001140037660000000100000000250000000130895    10895106260485          1         
G089580000075035     2003090120030903816100000012790042120030020030730001113800840000000127900000250000000140895    10895106230346          1         
G089580000075035     2003090120030903816900000009531042120030820030910001120630590000000095310000250000000150895    10895106230323          1         
G089580000075035     2003090120030903816200000008701042120030020030830001113942620000000087010000250000000160895    10895106260184          1         
Z00001800000000000292938                                                                                                                              
