A2762283              PREFEITURA MUNIC. BA001BANCO DO BRASIL  S/A2003090500016103                                                                     
G089580000075035     2003090420030908816800000014133042120030020030910000000000040000000141330000250000000010895    10895106260144          2         
G089580000075035     2003090420030908816100000014172042120030720030904000000000040000000141720000250000000020895    10895106190418          1         
G089580000075035     2003090420030908816000000010601042120030820030929024640003560000000106010000250000000030895    10895106260041          1         
G089580000075035     2003090420030908816100000004688042103092020030930001190024240000000046880000250000000040895    10895106200121          1         
G089580000075035     2003090420030908816800000003351042103092020030930001140041790000000033510000250000000050895    10895106200123          1         
G089580000075035     2003090420030908816200000003245042120030020030930000000000040000000032450000250000000060895    10895106200104          1         
G089580000075035     2003090420030908816300000003245042120020020030930000000000040000000032450000250000000070895    10895106200102          1         
G089580000075035     2003090420030908816100000000565042119980020030730001112424110000000005650000250000000080895    10895106230255          1         
G089580000075035     2003090420030908816600000000565042119970020030730001112363090000000005650000250000000090895    10895106230254          1         
Z00001100000000000054565                                                                                                                              
