A2762283              PREFEITURA MUNIC. BA001BANCO DO BRASIL  S/A2003090400016003                                                                     
G089580000075035     2003090320030905816000000074987042120030920030930001130031190000000749870000250000000010895    10895106260297          1         
G089580000075035     2003090320030905816600000029165042120030920030930001130031200000000291650000250000000020895    10895106260296          1         
G089580000075035     2003090320030905816000000017202042120030920030930001130031180000000172020000250000000030895    10895106260298          1         
G089580000075035     2003090320030905816200000009987042120020020030930000000000040000000099870000250000000040895    10895106260023          1         
G089580000075035     2003090320030905816100000000526042120000020030930000000000040000000005260000250000000050895    10895106260119          1         
G089580000075035     2003090320030905816600000000526042119990020030930000000000040000000005260000250000000060895    10895106260118          1         
G089580000075035     2003090320030905816500000006534042120030020030930000000000040000000065340000250000000070895    10895106260024          1         
G089580000075035     2003090320030905816500000003483042120010020030930000000000040000000034830000250000000080895    10895106260022          1         
G089580000075035     2003090320030905816600000003257042120030920030930001130031170000000032570000250000000090895    10895106260299          1         
G089580000075035     2003090320030905816100000003000042120030920030930001240003890000000030000000250000000100895    10895106260025          1         
G089580000075035     2003090320030905816500000002732042120030920030930001130031160000000027320000250000000110895    10895106260300          1         
G089580000075035     2003090320030905816400000001306042120010020030930000000000040000000013060000250000000120895    10895106260120          1         
G089580000075035     2003090320030905816900000001177042120020020030930000000000040000000011770000250000000130895    10895106260121          1         
G089580000075035     2003090320030905816100000001166042120030020030930000000000040000000011660000250000000140895    10895106260122          1         
G089580000075035     2003090320030905816400000000564042120000020030930000000000040000000005640000250000000150895    10895106190219          1         
G089580000075035     2003090320030905816900000000564042119990020030930000000000040000000005640000250000000160895    10895106190218          1         
G089580000075035     2003090320030905816000000000564042119980020030930000000000040000000005640000250000000170895    10895106190217          1         
G089580000075035     2003090320030905816100000000564042119970020030930000000000040000000005640000250000000180895    10895106190216          1         
G089580000075035     2003090320030905816400000000549042120000020030930000000000040000000005490000250000000190895    10895106260021          1         
G089580000075035     2003090320030905816900000000549042119990020030930000000000040000000005490000250000000200895    10895106260020          1         
G089580000075035     2003090320030905816000000000549042119980020030930000000000040000000005490000250000000210895    10895106260019          1         
G089580000075035     2003090320030905816100000000549042119970020030930000000000040000000005490000250000000220895    10895106260018          1         
G089580000075035     2003090320030905816400000012000042120030920030930001130031140000000120000000250000000230895    10895106230208          1         
G089580000075035     2003090320030905816500000003947042120030820030929024640003290000000039470000250000000240895    10895106230053          1         
G089580000075035     2003090320030905816800000001380042120030820030910001120628800000000013800000250000000250895    10895106200159          1         
Z00002700000000000176827                                                                                                                              
