A2762283              PREFEITURA MUNIC. BA001BANCO DO BRASIL  S/A2003090300015903                                                                     
G089580000075035     2003090220030904816600000002624042120020020030930000000000040000000026240000250000000010895    10895106200007          1         
Z00000300000000000002624                                                                                                                              
